<record><leader>00000cas a22000007a 4500</leader><controlfield tag="001">12361619</controlfield><controlfield tag="008">850808d187118uutnuwr ne      0    0eng d</controlfield><datafield ind1=" " ind2=" " tag="010"><subfield code="a">sn 85033982 </subfield></datafield><datafield ind1=" " ind2=" " tag="040"><subfield code="a">NPU</subfield><subfield code="b">eng</subfield><subfield code="c">NPU</subfield><subfield code="d">NPX</subfield><subfield code="d">TGN</subfield><subfield code="d">OCLCQ</subfield><subfield code="d">OCLCF</subfield><subfield code="d">OCLCO</subfield></datafield><datafield ind1=" " ind2=" " tag="042"><subfield code="a">msc</subfield></datafield><datafield ind1=" " ind2=" " tag="043"><subfield code="a">n-us-tn</subfield></datafield><datafield ind1="0" ind2=" " tag="130"><subfield code="a">Ripley weekly news (Ripley, Tenn. : 1871)</subfield></datafield><datafield ind1="1" ind2="4" tag="245"><subfield code="a">The Ripley weekly news.</subfield></datafield><datafield ind1="1" ind2=" " tag="246"><subfield code="i">Colophon title:</subfield><subfield code="a">Ripley news</subfield></datafield><datafield ind1=" " ind2=" " tag="260"><subfield code="a">Ripley, Tenn. :</subfield><subfield code="b">James L. Sparks</subfield></datafield><datafield ind1=" " ind2=" " tag="300"><subfield code="a">v. ;</subfield><subfield code="c">58 cm.</subfield></datafield><datafield ind1=" " ind2=" " tag="310"><subfield code="a">Weekly</subfield></datafield><datafield ind1="1" ind2=" " tag="362"><subfield code="a">Began with Aug. 15, 1871 issue.</subfield><subfield code="z">Cf. Lauderdale Co. from earliest times.</subfield></datafield><datafield ind1=" " ind2=" " tag="500"><subfield code="a">Publishers: James L. Sparks, &lt;1872&gt;; J.L. Sparks &amp; Co., &lt;1876&gt;.</subfield></datafield><datafield ind1=" " ind2=" " tag="500"><subfield code="a">Populist. Cf. Lauderdale Co. from earliest times.</subfield></datafield><datafield ind1=" " ind2=" " tag="500"><subfield code="a">Editors: J.L. Sparks, M. Cartwright, &lt;1876&gt;.</subfield></datafield><datafield ind1=" " ind2=" " tag="588"><subfield code="a">Description based on: Vol. 2, no. 18 (Dec. 13, 1872).</subfield></datafield><datafield ind1=" " ind2="0" tag="651"><subfield code="a">Ripley (Tenn.)</subfield><subfield code="v">Newspapers.</subfield></datafield><datafield ind1=" " ind2="0" tag="651"><subfield code="a">Lauderdale County (Tenn.)</subfield><subfield code="v">Newspapers.</subfield></datafield><datafield ind1=" " ind2="7" tag="655"><subfield code="a">Newspapers.</subfield><subfield code="2">fast</subfield><subfield code="0">(OCoLC)fst01423814</subfield></datafield><datafield ind1=" " ind2="7" tag="651"><subfield code="a">Tennessee</subfield><subfield code="z">Lauderdale County.</subfield><subfield code="2">fast</subfield><subfield code="0">(OCoLC)fst01221328</subfield></datafield><datafield ind1=" " ind2="7" tag="651"><subfield code="a">Tennessee</subfield><subfield code="z">Ripley.</subfield><subfield code="2">fast</subfield><subfield code="0">(OCoLC)fst01224061</subfield></datafield><datafield ind1=" " ind2=" " tag="752"><subfield code="a">United States</subfield><subfield code="b">Tennessee</subfield><subfield code="c">Lauderdale</subfield><subfield code="d">Ripley.</subfield></datafield><datafield ind1="0" ind2="0" tag="785"><subfield code="t">Ripley news (Ripley, Tenn.)</subfield><subfield code="w">(DLC)sn 99065770</subfield></datafield></record>